<record><leader>02037nam a2200469 i 4500</leader><controlfield tag="001">6808452</controlfield><controlfield tag="003">CaONFJC</controlfield><controlfield tag="005">20150220062607.0</controlfield><controlfield tag="006">m        d        </controlfield><controlfield tag="007">cr||n|||||||||</controlfield><controlfield tag="008">141010s2015    enk     ob    001 0 eng d</controlfield><datafield ind1=" " ind2=" " tag="020"><subfield code="a">9781783093007 (hbk : alk. paper)</subfield></datafield><datafield ind1=" " ind2=" " tag="020"><subfield code="a">1783093005 (hbk : alk. paper)</subfield></datafield><datafield ind1=" " ind2=" " tag="020"><subfield code="a">9781783092994 (pbk : alk. paper)</subfield></datafield><datafield ind1=" " ind2=" " tag="020"><subfield code="a">1783092998 (pbk : alk. paper)</subfield></datafield><datafield ind1=" " ind2=" " tag="020"><subfield code="a">9781783093014 (EBSCO)</subfield></datafield><datafield ind1=" " ind2=" " tag="037"><subfield code="a">945767</subfield><subfield code="b">EBSCO</subfield></datafield><datafield ind1=" " ind2=" " tag="039"><subfield code="a">exclude</subfield></datafield><datafield ind1=" " ind2=" " tag="040"><subfield code="a">CaONFJC</subfield><subfield code="c">CaONFJC</subfield><subfield code="e">rda</subfield><subfield code="d">AEU</subfield></datafield><datafield ind1="0" ind2="4" tag="050"><subfield code="a">P118.2</subfield><subfield code="b">.S43 2015eb</subfield></datafield><datafield ind1="0" ind2="4" tag="082"><subfield code="a">306.44/6</subfield><subfield code="2">23</subfield></datafield><datafield ind1=" " ind2=" " tag="090"><subfield code="a">Internet Access</subfield><subfield code="b">AEU</subfield></datafield><datafield ind1="1" ind2=" " tag="100"><subfield code="a">Zhao, Yan</subfield><subfield code="c">(Linguist),</subfield><subfield code="e">author.</subfield></datafield><datafield ind1="1" ind2="0" tag="245"><subfield code="a">Second language creative writers</subfield><subfield code="h">[electronic resource] :</subfield><subfield code="b">identities and writing processes /</subfield><subfield code="c">Yan Zhao.</subfield></datafield><datafield ind1=" " ind2="1" tag="264"><subfield code="a">Bristol ;</subfield><subfield code="a">Buffalo :</subfield><subfield code="b">Multilingual Matters,</subfield><subfield code="c">[2015]</subfield></datafield><datafield ind1=" " ind2=" " tag="300"><subfield code="a">1 online resource (xiii, 200 pages)</subfield></datafield><datafield ind1=" " ind2=" " tag="336"><subfield code="a">text</subfield><subfield code="b">txt</subfield><subfield code="2">rdacontent</subfield></datafield><datafield ind1=" " ind2=" " tag="337"><subfield code="a">computer</subfield><subfield code="b">c</subfield><subfield code="2">rdamedia</subfield></datafield><datafield ind1=" " ind2=" " tag="338"><subfield code="a">online resource</subfield><subfield code="b">cr</subfield><subfield code="2">rdacarrier</subfield></datafield><datafield ind1="1" ind2=" " tag="490"><subfield code="a">Second language acquisition ;</subfield><subfield code="v">85</subfield></datafield><datafield ind1=" " ind2=" " tag="504"><subfield code="a">Includes bibliographical references and index.</subfield></datafield><datafield ind1=" " ind2=" " tag="506"><subfield code="a">Access restricted to authorized users and institutions.</subfield></datafield><datafield ind1=" " ind2=" " tag="588"><subfield code="a">Description based on print version record.</subfield></datafield><datafield ind1=" " ind2=" " tag="596"><subfield code="a">44</subfield></datafield><datafield ind1=" " ind2="0" tag="650"><subfield code="a">Second language acquisition</subfield><subfield code="x">Study and teaching.</subfield></datafield><datafield ind1=" " ind2="0" tag="650"><subfield code="a">Academic writing</subfield><subfield code="x">Study and teaching</subfield><subfield code="x">Foreign speakers.</subfield></datafield><datafield ind1=" " ind2="0" tag="650"><subfield code="a">English language</subfield><subfield code="x">Rhetoric</subfield><subfield code="x">Study and teaching</subfield><subfield code="x">Foreign speakers.</subfield></datafield><datafield ind1=" " ind2="0" tag="650"><subfield code="a">Creative writing</subfield><subfield code="x">Study and teaching</subfield><subfield code="x">Foreign speakers.</subfield></datafield><datafield ind1=" " ind2="0" tag="830"><subfield code="a">Second language acquisition (Clevedon, England) ;</subfield><subfield code="v">85.</subfield></datafield><datafield ind1="4" ind2="0" tag="856"><subfield code="3">University of Alberta Access</subfield><subfield code="u">http://search.ebscohost.com/login.aspx?direct=true&amp;scope=site&amp;db=nlebk&amp;db=nlabk&amp;AN=945767</subfield><subfield code="x">Limited to 365 Uses Per Calendar Year</subfield><subfield code="z">(Unlimited Concurrent Users)</subfield></datafield><datafield ind1=" " ind2=" " tag="949"><subfield code="w">ORDER</subfield><subfield code="h">UAIN</subfield><subfield code="z">PDACOUTTS</subfield></datafield><datafield ind1=" " ind2=" " tag="926"><subfield code="a">Internet Access</subfield><subfield code="w">LC</subfield><subfield code="c">1</subfield><subfield code="i">6808452-1001</subfield><subfield code="l">INTERNET</subfield><subfield code="m">UAINTERNET</subfield><subfield code="r">Y</subfield><subfield code="s">Y</subfield><subfield code="t">E-RESOURCE</subfield><subfield code="u">2/20/2015</subfield><subfield code="x">E-BOOK</subfield><subfield code="z">PDAOWNED</subfield></datafield></record>